@misc{bahdanau2016neuralmachinetranslationjointly,
      title={Neural Machine Translation by Jointly Learning to Align and Translate}, 
      author={Dzmitry Bahdanau and Kyunghyun Cho and Yoshua Bengio},
      year={2016},
      eprint={1409.0473},
      archivePrefix={arXiv},
      primaryClass={cs.CL},
      url={https://arxiv.org/abs/1409.0473}, 
}
@misc{datasetpaper,
      title={From Amateurs to Connoisseurs: Modeling the Evolution of User Expertise through Online Reviews}, 
      author={Julian McAuley and Jure Leskovec},
      year={2013},
      eprint={1303.4402},
      archivePrefix={arXiv},
      primaryClass={cs.SI},
      url={https://arxiv.org/abs/1303.4402}, 
}
@misc{datasetkaggle,
	title        = {Amazon Fine Food Reviews},
	author       = {},
	year         = 2025,
	note         = {Visitato il: 21/05/2025},
	howpublished = {\url{https://www.kaggle.com/datasets/snap/amazon-fine-food-reviews}}
}

@inproceedings{lin-2004-rouge,
    title = "{ROUGE}: A Package for Automatic Evaluation of Summaries",
    author = "Lin, Chin-Yew",
    booktitle = "Text Summarization Branches Out",
    month = jul,
    year = "2004",
    address = "Barcelona, Spain",
    publisher = "Association for Computational Linguistics",
    url = "https://aclanthology.org/W04-1013/",
    pages = "74--81"
}

@misc{roy2021semanticwerunifiedmetricevaluation,
      title={Semantic-WER: A Unified Metric for the Evaluation of ASR Transcript for End Usability}, 
      author={Somnath Roy},
      year={2021},
      eprint={2106.02016},
      archivePrefix={arXiv},
      primaryClass={cs.CL},
      url={https://arxiv.org/abs/2106.02016}, 
}
@misc{zhang2020bertscoreevaluatingtextgeneration,
      title={BERTScore: Evaluating Text Generation with BERT}, 
      author={Tianyi Zhang and Varsha Kishore and Felix Wu and Kilian Q. Weinberger and Yoav Artzi},
      year={2020},
      eprint={1904.09675},
      archivePrefix={arXiv},
      primaryClass={cs.CL},
      url={https://arxiv.org/abs/1904.09675}, 
}